@book{Buch:Demo,
    author       = "Demo",
    title        = "Demo",
    titleaddon   = "Demo",
    publisher    = "Demo",
    edition      = "Demo",
    year         = "2023",
    isbn         = "000-0-00000-000-0"
}
% @online{link:,
%     title        = "",
%     urldate      = "2022-xx-xx",
%     url          = "",
% }
% Definition CVE
% https://www.redhat.com/de/topics/security/what-is-cve
% https://www.cve.org/ProgramOrganization/CNAs

% Def Abh√§ngigkeit
% https://cloud.google.com/software-supply-chain-security/docs/dependencies?hl=de
% https://www.dev-insider.de/was-ist-eine-dependency-a-899057/

% Def API
% https://aws.amazon.com/what-is/api/

% Def JSON
% https://www.json.org/json-en.html

% Def JSON-LD
% https://json-ld.org/

% NIST
% https://nvd.nist.gov/developers/vulnerabilities

% Dependa-Bot
% https://docs.github.com/en/code-security/getting-started/dependabot-quickstart-guide

% Synk
% https://docs.snyk.io/getting-started

% OWASP Dependency-Check
% https://owasp.org/www-project-dependency-check/

% Wiss1: ReposVul: A Repository-Level High-Quality Vulnerability Dataset
% https://arxiv.org/abs/2401.13169

% Wiss2: Demystifying the Vulnerability Propagation and Its Evolution via Dependency Trees in the NPM Ecosystem
% https://www.semanticscholar.org/paper/Demystifying-the-Vulnerability-Propagation-and-Its-Liu-Chen/63c8044efacec1b39a28fbde5889bc75f473bd46